@online{investopedia,
    author = "James Chen",
    title = "Gold Standard",
    url  = "https://www.investopedia.com/terms/g/goldstandard.asp",
    addendum = "(accessed: 11.18.2020)",
    keywords = "economics,gold standard,chen"
}

@online{harvard,
    author = "Harvard University Business School",
    title = "Global Crises Data by Country",
    url  = "https://www.hbs.edu/behavioral-finance-and-financial-stability/data/Pages/global.aspx",
    addendum = "(accessed: 11.18.2020)",
    keywords = "economics,crisis,dataset,harvard"
}

@online{kumar,
    author = "Vaibhav Kumar",
    title = "Deep Learning Model For Bank Crisis Prediction",
    url  = "https://analyticsindiamag.com/deep-learning-model-bank-crisis-prediction-deep-neural-network/",
    addendum = "(accessed: 11.18.2020)",
    keywords = "banking,crisis,deep learning,kumar"
}
